%%% ====================================================================
%%%  BibTeX-file{
%%%     author          = "Gerry Murray",
%%%     version         = "1.2",
%%%     date            = "2 April 2012",
%%%     filename        = "acmsmall-sample-bibfile.bib",
%%%     address         = "ACM, NY",
%%%     email           = "murray at hq.acm.org",
%%%     codetable       = "ISO/ASCII",
%%%     keywords        = "ACM Reference Format, bibliography, citation, references",
%%%     supported       = "yes",
%%%     docstring       = "This BibTeX database file contains 'bibdata' entries
%%%                        that 'match' the examples provided in the Specifications Document
%%%                        AND, also, 'legacy'-type bibs. It should assist authors in
%%%                        choosing the 'correct' at-bibtype and necessary bib-fields
%%%                        so as to obtain the appropriate ACM Reference Format output.
%%%                        It also contains many 'Standard Abbreviations'. "
%%%  }
%%% ====================================================================

% Journals

% First the Full Name is given, then the abbreviation used in the AMS Math
% Reviews, with an indication if it could not be found there.
% Note the 2nd overwrites the 1st, so swap them if you want the full name.

 %{AMS}
 @String{AMSTrans = "American Mathematical Society Translations" }
 @String{AMSTrans = "Amer. Math. Soc. Transl." }
 @String{BullAMS = "Bulletin of the American Mathematical Society" }
 @String{BullAMS = "Bull. Amer. Math. Soc." }
 @String{ProcAMS = "Proceedings of the American Mathematical Society" }
 @String{ProcAMS = "Proc. Amer. Math. Soc." }
 @String{TransAMS = "Transactions of the American Mathematical Society" }
 @String{TransAMS = "Trans. Amer. Math. Soc." }

 %ACM
 @String{CACM = "Communications of the {ACM}" }
 @String{CACM = "Commun. {ACM}" }
 @String{CompServ = "Comput. Surveys" }
 @String{JACM = "J. ACM" }
 @String{ACMMathSoft = "{ACM} Transactions on Mathematical Software" }
 @String{ACMMathSoft = "{ACM} Trans. Math. Software" }
 @String{SIGNUM = "{ACM} {SIGNUM} Newsletter" }
 @String{SIGNUM = "{ACM} {SIGNUM} Newslett." }

 @String{AmerSocio = "American Journal of Sociology" }
 @String{AmerStatAssoc = "Journal of the American Statistical Association" }
 @String{AmerStatAssoc = "J. Amer. Statist. Assoc." }
 @String{ApplMathComp = "Applied Mathematics and Computation" }
 @String{ApplMathComp = "Appl. Math. Comput." }
 @String{AmerMathMonthly = "American Mathematical Monthly" }
 @String{AmerMathMonthly = "Amer. Math. Monthly" }
 @String{BIT = "{BIT}" }
 @String{BritStatPsych = "British Journal of Mathematical and Statistical
          Psychology" }
 @String{BritStatPsych = "Brit. J. Math. Statist. Psych." }
 @String{CanMathBull = "Canadian Mathematical Bulletin" }
 @String{CanMathBull = "Canad. Math. Bull." }
 @String{CompApplMath = "Journal of Computational and Applied Mathematics" }
 @String{CompApplMath = "J. Comput. Appl. Math." }
 @String{CompPhys = "Journal of Computational Physics" }
 @String{CompPhys = "J. Comput. Phys." }
 @String{CompStruct = "Computers and Structures" }
 @String{CompStruct = "Comput. \& Structures" }
 @String{CompJour = "The Computer Journal" }
 @String{CompJour = "Comput. J." }
 @String{CompSysSci = "Journal of Computer and System Sciences" }
 @String{CompSysSci = "J. Comput. System Sci." }
 @String{Computing = "Computing" }
 @String{ContempMath = "Contemporary Mathematics" }
 @String{ContempMath = "Contemp. Math." }
 @String{Crelle = "Crelle's Journal" }
 @String{GiornaleMath = "Giornale di Mathematiche" }
 @String{GiornaleMath = "Giorn. Mat." } % didn't find in AMS MR., ibid.

 %IEEE
 @String{Computer = "{IEEE} Computer" }
 @String{IEEETransComp = "{IEEE} Transactions on Computers" }
 @String{IEEETransComp = "{IEEE} Trans. Comput." }
 @String{IEEETransAC = "{IEEE} Transactions on Automatic Control" }
 @String{IEEETransAC = "{IEEE} Trans. Automat. Control" }
 @String{IEEESpec = "{IEEE} Spectrum" } % didn't find in AMS MR
 @String{ProcIEEE = "Proceedings of the {IEEE}" }
 @String{ProcIEEE = "Proc. {IEEE}" } % didn't find in AMS MR
 @String{IEEETransAeroElec = "{IEEE} Transactions on Aerospace and Electronic
     Systems" }
 @String{IEEETransAeroElec = "{IEEE} Trans. Aerospace Electron. Systems" }

 @String{IMANumerAna = "{IMA} Journal of Numerical Analysis" }
 @String{IMANumerAna = "{IMA} J. Numer. Anal." }
 @String{InfProcLet = "Information Processing Letters" }
 @String{InfProcLet = "Inform. Process. Lett." }
 @String{InstMathApp = "Journal of the Institute of Mathematics and
     its Applications" }
 @String{InstMathApp = "J. Inst. Math. Appl." }
 @String{IntControl = "International Journal of Control" }
 @String{IntControl = "Internat. J. Control" }
 @String{IntNumerEng = "International Journal for Numerical Methods in
     Engineering" }
 @String{IntNumerEng = "Internat. J. Numer. Methods Engrg." }
 @String{IntSuper = "International Journal of Supercomputing Applications" }
 @String{IntSuper = "Internat. J. Supercomputing Applic." } % didn't find
%% in AMS MR
 @String{Kibernetika = "Kibernetika" }
 @String{JResNatBurStand = "Journal of Research of the National Bureau
     of Standards" }
 @String{JResNatBurStand = "J. Res. Nat. Bur. Standards" }
 @String{LinAlgApp = "Linear Algebra and its Applications" }
 @String{LinAlgApp = "Linear Algebra Appl." }
 @String{MathAnaAppl = "Journal of Mathematical Analysis and Applications" }
 @String{MathAnaAppl = "J. Math. Anal. Appl." }
 @String{MathAnnalen = "Mathematische Annalen" }
 @String{MathAnnalen = "Math. Ann." }
 @String{MathPhys = "Journal of Mathematical Physics" }
 @String{MathPhys = "J. Math. Phys." }
 @String{MathComp = "Mathematics of Computation" }
 @String{MathComp = "Math. Comp." }
 @String{MathScand = "Mathematica Scandinavica" }
 @String{MathScand = "Math. Scand." }
 @String{TablesAidsComp = "Mathematical Tables and Other Aids to Computation" }
 @String{TablesAidsComp = "Math. Tables Aids Comput." }
 @String{NumerMath = "Numerische Mathematik" }
 @String{NumerMath = "Numer. Math." }
 @String{PacificMath = "Pacific Journal of Mathematics" }
 @String{PacificMath = "Pacific J. Math." }
 @String{ParDistComp = "Journal of Parallel and Distributed Computing" }
 @String{ParDistComp = "J. Parallel and Distrib. Comput." } % didn't find
%% in AMS MR
 @String{ParComputing = "Parallel Computing" }
 @String{ParComputing = "Parallel Comput." }
 @String{PhilMag = "Philosophical Magazine" }
 @String{PhilMag = "Philos. Mag." }
 @String{ProcNAS = "Proceedings of the National Academy of Sciences
                    of the USA" }
 @String{ProcNAS = "Proc. Nat. Acad. Sci. U. S. A." }
 @String{Psychometrika = "Psychometrika" }
 @String{QuartMath = "Quarterly Journal of Mathematics, Oxford, Series (2)" }
 @String{QuartMath = "Quart. J. Math. Oxford Ser. (2)" }
 @String{QuartApplMath = "Quarterly of Applied Mathematics" }
 @String{QuartApplMath = "Quart. Appl. Math." }
 @String{RevueInstStat = "Review of the International Statisical Institute" }
 @String{RevueInstStat = "Rev. Inst. Internat. Statist." }

 %SIAM
 @String{JSIAM = "Journal of the Society for Industrial and Applied
     Mathematics" }
 @String{JSIAM = "J. Soc. Indust. Appl. Math." }
 @String{JSIAMB = "Journal of the Society for Industrial and Applied
     Mathematics, Series B, Numerical Analysis" }
 @String{JSIAMB = "J. Soc. Indust. Appl. Math. Ser. B Numer. Anal." }
 @String{SIAMAlgMeth = "{SIAM} Journal on Algebraic and Discrete Methods" }
 @String{SIAMAlgMeth = "{SIAM} J. Algebraic Discrete Methods" }
 @String{SIAMAppMath = "{SIAM} Journal on Applied Mathematics" }
 @String{SIAMAppMath = "{SIAM} J. Appl. Math." }
 @String{SIAMComp = "{SIAM} Journal on Computing" }
 @String{SIAMComp = "{SIAM} J. Comput." }
 @String{SIAMMatrix = "{SIAM} Journal on Matrix Analysis and Applications" }
 @String{SIAMMatrix = "{SIAM} J. Matrix Anal. Appl." }
 @String{SIAMNumAnal = "{SIAM} Journal on Numerical Analysis" }
 @String{SIAMNumAnal = "{SIAM} J. Numer. Anal." }
 @String{SIAMReview = "{SIAM} Review" }
 @String{SIAMReview = "{SIAM} Rev." }
 @String{SIAMSciStat = "{SIAM} Journal on Scientific and Statistical
     Computing" }
 @String{SIAMSciStat = "{SIAM} J. Sci. Statist. Comput." }

 @String{SoftPracExp = "Software Practice and Experience" }
 @String{SoftPracExp = "Software Prac. Experience" } % didn't find in AMS MR
 @String{StatScience = "Statistical Science" }
 @String{StatScience = "Statist. Sci." }
 @String{Techno = "Technometrics" }
 @String{USSRCompMathPhys = "{USSR} Computational Mathematics and Mathematical
     Physics" }
 @String{USSRCompMathPhys = "{U. S. S. R.} Comput. Math. and Math. Phys." }
 @String{VLSICompSys = "Journal of {VLSI} and Computer Systems" }
 @String{VLSICompSys = "J. {VLSI} Comput. Syst." }
 @String{ZAngewMathMech = "Zeitschrift fur Angewandte Mathematik und
     Mechanik" }
 @String{ZAngewMathMech = "Z. Angew. Math. Mech." }
 @String{ZAngewMathPhys = "Zeitschrift fur Angewandte Mathematik und Physik" }
 @String{ZAngewMathPhys = "Z. Angew. Math. Phys." }

% Publishers % ================================================= |

 @String{Academic = "Academic Press" }
 @String{ACMPress = "{ACM} Press" }
 @String{AdamHilger = "Adam Hilger" }
 @String{AddisonWesley = "Addison-Wesley" }
 @String{AllynBacon = "Allyn and Bacon" }
 @String{AMS = "American Mathematical Society" }
 @String{Birkhauser = "Birkha{\"u}ser" }
 @String{CambridgePress = "Cambridge University Press" }
 @String{Chelsea = "Chelsea" }
 @String{ClaredonPress = "Claredon Press" }
 @String{DoverPub = "Dover Publications" }
 @String{Eyolles = "Eyolles" }
 @String{HoltRinehartWinston = "Holt, Rinehart and Winston" }
 @String{Interscience = "Interscience" }
 @String{JohnsHopkinsPress = "The Johns Hopkins University Press" }
 @String{JohnWileySons = "John Wiley and Sons" }
 @String{Macmillan = "Macmillan" }
 @String{MathWorks = "The Math Works Inc." }
 @String{McGrawHill = "McGraw-Hill" }
 @String{NatBurStd = "National Bureau of Standards" }
 @String{NorthHolland = "North-Holland" }
 @String{OxfordPress = "Oxford University Press" }  %address Oxford or London?
 @String{PergamonPress = "Pergamon Press" }
 @String{PlenumPress = "Plenum Press" }
 @String{PrenticeHall = "Prentice-Hall" }
 @String{SIAMPub = "{SIAM} Publications" }
 @String{Springer = "Springer-Verlag" }
 @String{TexasPress = "University of Texas Press" }
 @String{VanNostrand = "Van Nostrand" }
 @String{WHFreeman = "W. H. Freeman and Co." }

%Entries
@book{Love2010,
	author={Robert Love},
	year={2010},
	title={Linux kernel development},
	publisher={Addison-Wesley},
	address={Upper Saddle River, NJ [u.a.]},
	edition={3. ed.},
	isbn={0672329468}
}
@book{Bovet2006,
	author={Daniel P. Bovet and Marco Cesati},
	year={2006},
	title={Understanding the Linux kernel},
	publisher={O'Reilly},
	address={Beijing [u.a.]},
	edition={3. ed.},
	isbn={9780596005658}
}
@incollection{Sandberg1988,
 author = {Sandberg, R. and Golgberg, D. and Kleiman, S. and Walsh, D. and Lyon, B.},
 chapter = {Design and Implementation of the Sun Network Filesystem},
 title = {Innovations in Internetworking},
 editor = {Partridge, C.},
 year = {1988},
 isbn = {0-89006-337-0},
 pages = {379--390},
 numpages = {12},
 url = {http://dl.acm.org/citation.cfm?id=59309.59338},
 acmid = {59338},
 publisher = {Artech House, Inc.},
 address = {Norwood, MA, USA},
}
@book{Salzman2009,
 author = {Salzman, Peter Jay},
 title = {The Linux Kernel Module Programming Guide},
 year = {2009},
 isbn = {1441418865, 9781441418869},
 publisher = {CreateSpace},
 address = {Paramount, CA},
}
@inproceedings{Ghemawat2003,
	author={Sanjay Ghemawat and Howard Gobioff and Shun-Tak Leung},
	year={Oct 19, 2003},
	title={The Google file system},
	series={SOSP '03},
	publisher={ACM},
	pages={29-43},
	language={English},
	url={http://dl.acm.org/citation.cfm?id=945450},
	doi={10.1145/945445.945450}
}
@book{Corbet2005,
	author={Jonathan Corbet and Greg Kroah-Hartman and Alessandro Rubini},
	year={2005},
	title={Linux Device Drivers},
	publisher={O'Reilly},
	address={Sebastopol, Calif. [u.a.]},
	edition={3. ed.},
	isbn={0596005903}
}

@article{Robillard2009,
  author = {Robillard, M.P.},
  journal = {IEEE Software},
  keywords = {API identifiers},
  month = {Nov.-Dec. },
  number = 6,
  pages = {27-34},
  timestamp = {2009-12-11T11:49:10.000+0100},
  title = {What Makes APIs Hard to Learn? Answers from Developers},
  volume = 26,
  year = 2009
}

@ARTICLE{Lethbridge2003,
author={T. C. Lethbridge and J. Singer and A. Forward},
journal={IEEE Software},
title={How software engineers use documentation: the state of the practice},
year={2003},
volume={20},
number={6},
pages={35-39},
keywords={software engineering;system documentation;decision making;documentation update;documentation use;software engineering;software engineers;software process managers;software process personnel;tool design;Data engineering;Documentation;Humans;Maintenance engineering;Power engineering and energy;Software engineering;Software maintenance;Software systems;Software testing;System testing},
doi={10.1109/MS.2003.1241364},
ISSN={0740-7459},
month={Nov}
}
@inproceedings{Parnin2012CrowdDE,
  title={Crowd Documentation: Exploring the Coverage and the Dynamics of API Discussions on Stack Overflow},
  author={Chris Parnin and Christoph Treude and Lars Grammel and Margaret-Anne Storey},
  year={2012}
}

@inproceedings{Asaduzzaman2013,
 author = {Asaduzzaman, Muhammad and Mashiyat, Ahmed Shah and Roy, Chanchal K. and Schneider, Kevin A.},
 title = {Answering Questions About Unanswered Questions of Stack Overflow},
 booktitle = {Proceedings of the 10th Working Conference on Mining Software Repositories},
 series = {MSR '13},
 year = {2013},
 isbn = {978-1-4673-2936-1},
 location = {San Francisco, CA, USA},
 pages = {97--100},
 numpages = {4},
 url = {http://dl.acm.org/citation.cfm?id=2487085.2487109},
 acmid = {2487109},
 publisher = {IEEE Press},
 address = {Piscataway, NJ, USA},
}
@InProceedings{Gruetze2016,
author="Gruetze, Toni
and Krestel, Ralf
and Naumann, Felix",
editor="M{\'e}tais, Elisabeth
and Meziane, Farid
and Saraee, Mohamad
and Sugumaran, Vijayan
and Vadera, Sunil",
title="Topic Shifts in StackOverflow: Ask it Like Socrates",
booktitle="Natural Language Processing and Information Systems",
year="2016",
publisher="Springer International Publishing",
address="Cham",
pages="213--221",
abstract="Community based question-and-answer (Q{\&}A) sites rely on well-posed and appropriately tagged questions. However, most platforms have only limited capabilities to support their users in finding the right tags. In this paper, we propose a temporal recommendation model to support users in tagging new questions and thus improve their acceptance in the community. To underline the necessity of temporal awareness of such a model, we first investigate the changes in tag usage and show different types of collective attention in StackOverflow, a community-driven Q{\&}A website for computer programming topics. Furthermore, we examine the changes over time in the correlation between question terms and topics. Our results show that temporal awareness is indeed important for recommending tags in Q{\&}A communities.",
isbn="978-3-319-41754-7"
}
@inproceedings{Correa2014,
 author = {Correa, Denzil and Sureka, Ashish},
 title = {Chaff from the Wheat: Characterization and Modeling of Deleted Questions on Stack Overflow},
 booktitle = {Proceedings of the 23rd International Conference on World Wide Web},
 series = {WWW '14},
 year = {2014},
 isbn = {978-1-4503-2744-2},
 location = {Seoul, Korea},
 pages = {631--642},
 numpages = {12},
 url = {http://doi.acm.org/10.1145/2566486.2568036},
 doi = {10.1145/2566486.2568036},
 acmid = {2568036},
 publisher = {ACM},
 address = {New York, NY, USA},
 keywords = {question quality, question-answering, stack overflow},
}
@inproceedings{Atlidakis2016,
 author = {Atlidakis, Vaggelis and Andrus, Jeremy and Geambasu, Roxana and Mitropoulos, Dimitris and Nieh, Jason},
 title = {POSIX Abstractions in Modern Operating Systems: The Old, the New, and the Missing},
 booktitle = {Proceedings of the Eleventh European Conference on Computer Systems},
 series = {EuroSys '16},
 year = {2016},
 isbn = {978-1-4503-4240-7},
 location = {London, United Kingdom},
 pages = {19:1--19:17},
 articleno = {19},
 numpages = {17},
 url = {http://doi.acm.org/10.1145/2901318.2901350},
 doi = {10.1145/2901318.2901350},
 acmid = {2901350},
 publisher = {ACM},
 address = {New York, NY, USA},
}
@inproceedings {Zadok2017,
author = {Erez Zadok and Dean Hildebrand and Geoff Kuenning and Keith A. Smith},
title = {{POSIX} is Dead! Long Live... errr... What Exactly?},
booktitle = {9th {USENIX} Workshop on Hot Topics in Storage and File Systems (HotStorage 17)},
year = {2017},
address = {Santa Clara, CA},
url = {https://www.usenix.org/conference/hotstorage17/program/presentation/zadok},
publisher = {{USENIX} Association},
}

@inproceedings{Wei2005,
 author = {Wei, Jinpeng and Pu, Calton},
 title = {TOCTTOU Vulnerabilities in UNIX-style File Systems: An Anatomical Study},
 booktitle = {Proceedings of the 4th Conference on USENIX Conference on File and Storage Technologies - Volume 4},
 series = {FAST'05},
 year = {2005},
 location = {San Francisco, CA},
 pages = {12--12},
 numpages = {1},
 url = {http://dl.acm.org/citation.cfm?id=1251028.1251040},
 acmid = {1251040},
 publisher = {USENIX Association},
 address = {Berkeley, CA, USA},
 keywords = {race detection},
}
@InProceedings{Kavaler2013,
author="Kavaler, David
and Posnett, Daryl
and Gibler, Clint
and Chen, Hao
and Devanbu, Premkumar
and Filkov, Vladimir",
editor="Jatowt, Adam
and Lim, Ee-Peng
and Ding, Ying
and Miura, Asako
and Tezuka, Taro
and Dias, Ga{\"e}l
and Tanaka, Katsumi
and Flanagin, Andrew
and Dai, Bing Tian",
title="Using and Asking: APIs Used in the Android Market and Asked about in StackOverflow",
booktitle="Social Informatics",
year="2013",
publisher="Springer International Publishing",
address="Cham",
pages="405--418",
abstract="Programming is knowledge intensive. While it is well understood that programmers spend lots of time looking for information, with few exceptions, there is a significant lack of data on what information they seek, and why. Modern platforms, like Android, comprise complex APIs that often perplex programmers. We ask: which elements are confusing, and why? Increasingly, when programmers need answers, they turn to StackOverflow. This provides a novel opportunity. There are a vast number of applications for Android devices, which can be readily analyzed, and many traces of interactions on StackOverflow. These provide a complementary perspective on using and asking, and allow the two phenomena to be studied together. How does the market demand for the USE of an API drive the market for knowledge about it? Here, we analyze data from Android applications and StackOverflow together, to find out what it is that programmers want to know and why.",
isbn="978-3-319-03260-3"
}
@inproceedings{Ponzanelli2014,
 author = {Ponzanelli, Luca and Bavota, Gabriele and Di Penta, Massimiliano and Oliveto, Rocco and Lanza, Michele},
 title = {Mining StackOverflow to Turn the IDE into a Self-confident Programming Prompter},
 booktitle = {Proceedings of the 11th Working Conference on Mining Software Repositories},
 series = {MSR 2014},
 year = {2014},
 isbn = {978-1-4503-2863-0},
 location = {Hyderabad, India},
 pages = {102--111},
 numpages = {10},
 url = {http://doi.acm.org/10.1145/2597073.2597077},
 doi = {10.1145/2597073.2597077},
 acmid = {2597077},
 publisher = {ACM},
 address = {New York, NY, USA},
 keywords = {Developers Support, Empirical Studies, Recommender Systems},
}

@INPROCEEDINGS{Vasilescu2013,
author={B. Vasilescu and V. Filkov and A. Serebrenik},
booktitle={2013 International Conference on Social Computing},
title={StackOverflow and GitHub: Associations between Software Development and Crowdsourced Knowledge},
year={2013},
volume={},
number={},
pages={188-195},
keywords={knowledge based systems;software maintenance;GitHub;StackOverflow;crowdsourced knowledge;online programming question-and-answer community;social coding repository;software development;Communities;Electronic mail;Indexes;Merging;Productivity;Rhythm;Software;crowdsourced knowledge;social media;software development},
doi={10.1109/SocialCom.2013.35},
ISSN={},
month={Sept},}

@article{Hamilton2001,
  author    = {James R. Hamilton and
               Tapas K. Nayak},
  title     = {Microsoft {SQL} Server Full-Text Search},
  journal   = {{IEEE} Data Eng. Bull.},
  volume    = {24},
  number    = {4},
  pages     = {7--10},
  year      = {2001},
  url       = {http://sites.computer.org/debull/A01DEC-CD.pdf},
  timestamp = {Wed, 19 Dec 2007 10:16:10 +0100},
  biburl    = {https://dblp.org/rec/bib/journals/debu/HamiltonN01},
  bibsource = {dblp computer science bibliography, https://dblp.org}
}
